@inproceedings{mokatren,
  author    = {Moayad Mokatren and
               Tsvi Kuflik},
  title     = {Exploring the Potential Contribution of Mobile Eye-tracking Technology
               in Enhancing the Museum Visit Experience},
  booktitle = {Proceedings of the 1st Workshop on Advanced Visual Interfaces for
               Cultural Heritage co-located with the International Working Conference
               on Advanced Visual Interfaces {(AVI} 2016), Bari, Italy, June 7-10,
               2016.},
  pages     = {23--31},
  year      = {2016},
  crossref  = {DBLP:conf/avi/2016ch},
  url       = {http://ceur-ws.org/Vol-1621/paper5.pdf},
  timestamp = {Tue, 23 Aug 2016 14:37:06 +0200},
  biburl    = {http://dblp2.uni-trier.de/rec/bib/conf/avi/MokatrenK16},
  bibsource = {dblp computer science bibliography, http://dblp.org}
}

@misc{jargon,
  title = {The Jargon File},
  howpublished = {\url{http://www.catb.org/~esr/jargon/html/H/hacker.html}},
  note = {Accessed: 2017-06-09}
}

